[gd_scene load_steps=15 format=2]

[ext_resource path="res://scenes/mouse.tscn" type="PackedScene" id=1]
[ext_resource path="res://scenes/player.tscn" type="PackedScene" id=2]
[ext_resource path="res://scenes/background.tscn" type="PackedScene" id=3]
[ext_resource path="res://textures/money-ui.png" type="Texture" id=4]
[ext_resource path="res://scripts/objectsystem.gd" type="Script" id=5]
[ext_resource path="res://scripts/main.gd" type="Script" id=6]
[ext_resource path="res://scenes/start_screen.tscn" type="PackedScene" id=7]
[ext_resource path="res://scenes/new/UI.tscn" type="PackedScene" id=8]
[ext_resource path="res://scenes/pause.tscn" type="PackedScene" id=9]
[ext_resource path="res://scenes/new/dead.tscn" type="PackedScene" id=10]
[ext_resource path="res://textures/mouse-2.png" type="Texture" id=12]
[ext_resource path="res://scenes/soundeffects.tscn" type="PackedScene" id=14]
[ext_resource path="res://sounds/battlexyz-soundtrack.ogg" type="AudioStream" id=16]
[ext_resource path="res://scripts/Music.gd" type="Script" id=17]

[node name="main" type="Control"]
anchor_right = 1.0
anchor_bottom = 1.0
script = ExtResource( 6 )

[node name="CanvasModulate" type="CanvasModulate" parent="."]
color = Color( 0.87451, 0.87451, 0.87451, 1 )

[node name="background" parent="." instance=ExtResource( 3 )]

[node name="player" parent="." instance=ExtResource( 2 )]
position = Vector2( 57.6766, 114.759 )

[node name="objectsystem" type="Node2D" parent="."]
script = ExtResource( 5 )

[node name="Control" type="Control" parent="."]
__meta__ = {
"_edit_use_anchors_": false
}

[node name="UI" parent="." instance=ExtResource( 8 )]
anchor_bottom = 0.0
margin_bottom = 48.0

[node name="VSeparator" parent="UI/h" index="1"]
margin_right = 493.0

[node name="time" parent="UI/h" index="2"]
margin_left = 497.0
margin_right = 601.0

[node name="time" parent="UI/h/time" index="1"]
self_modulate = Color( 0.109804, 0.333333, 0.141176, 1 )

[node name="VSeparator2" parent="UI/h" index="3"]
margin_left = 605.0
margin_right = 936.0

[node name="points" parent="UI/h" index="4"]
margin_left = 940.0

[node name="Label" parent="UI/h/points" index="0"]
self_modulate = Color( 0.52549, 0.870588, 0.498039, 0.4 )
margin_right = 21.0

[node name="TextureRect" parent="UI/h/points" index="1"]
margin_left = 25.0
margin_right = 75.0
texture = ExtResource( 4 )

[node name="start_screen" parent="." instance=ExtResource( 7 )]
visible = false

[node name="soundeffects" parent="." instance=ExtResource( 14 )]

[node name="wrench" parent="soundeffects" index="0"]
volume_db = -10.0

[node name="rock-destroy" parent="soundeffects" index="1"]
volume_db = -10.0

[node name="Music" type="AudioStreamPlayer" parent="."]
stream = ExtResource( 16 )
volume_db = -10.0
script = ExtResource( 17 )

[node name="pause" parent="." instance=ExtResource( 9 )]

[node name="dead" parent="." instance=ExtResource( 10 )]

[node name="mouse" parent="." instance=ExtResource( 1 )]
position = Vector2( -290.762, -16.0543 )
texture = ExtResource( 12 )

[editable path="player"]
[editable path="UI"]
[editable path="soundeffects"]
[editable path="pause"]
[editable path="dead"]
